@ARTICLE{SG1964,
   author = {{Savitzky}, A. and {Golay}, M.~J.~E.},
    title = "{Smoothing and differentiation of data by simplified least squares procedures}",
  journal = {Analytical Chemistry},
     year = 1964,
   volume = 36,
    pages = {1627-1639},
   adsurl = {http://adsabs.harvard.edu/abs/1964AnaCh..36.1627S},
  adsnote = {Provided by the SAO/NASA Astrophysics Data System}
}

